<record><leader>00000cas a22000007a 4500</leader><controlfield tag="001">16734441</controlfield><controlfield tag="008">870923d19uu1940txucr ne      0    0eng d</controlfield><datafield ind1=" " ind2=" " tag="010"><subfield code="a">sn 87090824 </subfield></datafield><datafield ind1=" " ind2=" " tag="040"><subfield code="a">PPM</subfield><subfield code="b">eng</subfield><subfield code="c">PPM</subfield><subfield code="d">OCLCQ</subfield></datafield><datafield ind1=" " ind2=" " tag="042"><subfield code="a">msc</subfield></datafield><datafield ind1="0" ind2=" " tag="130"><subfield code="a">Tribune (Hallettsville, Tex.)</subfield></datafield><datafield ind1="1" ind2="4" tag="245"><subfield code="a">The tribune.</subfield></datafield><datafield ind1="3" ind2="0" tag="246"><subfield code="a">Lavaca County tribune</subfield></datafield><datafield ind1=" " ind2=" " tag="260"><subfield code="a">Hallettsville, Tex. :</subfield><subfield code="b">Malec Bros. Pub. Co.</subfield></datafield><datafield ind1=" " ind2=" " tag="310"><subfield code="a">Semiweekly</subfield></datafield><datafield ind1="0" ind2=" " tag="362"><subfield code="a">-v. 9, no. 102 (Dec. 24, 1940).</subfield></datafield><datafield ind1=" " ind2=" " tag="588"><subfield code="a">Description based on: Vol. 2, no. 1 (Jan. 6, 1933).</subfield></datafield><datafield ind1=" " ind2=" " tag="752"><subfield code="a">United States</subfield><subfield code="b">Texas</subfield><subfield code="c">Lavaca</subfield><subfield code="d">Hallettsville.</subfield></datafield><datafield ind1="0" ind2="0" tag="785"><subfield code="t">Lavaca County tribune</subfield><subfield code="w">(DLC)sn 86089164</subfield></datafield></record>